<?xml version="1.0" encoding="UTF-8"?><collection><record><leader>08392ntm a2200805 a 4500</leader><controlfield tag="001">006776008</controlfield><controlfield tag="003">MiAaHDL</controlfield><controlfield tag="005">20190719000000.0</controlfield><controlfield tag="006">m        d        </controlfield><controlfield tag="007">cr bn ---auaua</controlfield><controlfield tag="008">090507m16911696xx            00| ||ara d</controlfield><datafield tag="035" ind1=" " ind2=" "><subfield code="a">(MiU)006776008</subfield></datafield><datafield tag="035" ind1=" " ind2=" "><subfield code="a">sdr-miu006776008</subfield></datafield><datafield tag="040" ind1=" " ind2=" "><subfield code="a">MiU</subfield><subfield code="c">MiU</subfield><subfield code="e">amremm</subfield></datafield><datafield tag="043" ind1=" " ind2=" "><subfield code="a">n-us-mi</subfield></datafield><datafield tag="245" ind1="0" ind2="0"><subfield code="6">880-01</subfield><subfield code="a">[Majmūʻat rasāʼil,</subfield><subfield code="f">1103 to 1107, i.e. 1691 to 1696].</subfield></datafield><datafield tag="246" ind1="3" ind2="8"><subfield code="a">معدل الصلوة شرح المقدمة التلويح</subfield></datafield><datafield tag="260" ind1=" " ind2=" "><subfield code="c">[1691 to 1696]</subfield></datafield><datafield tag="300" ind1=" " ind2=" "><subfield code="a">100 leaves :</subfield><subfield code="b">paper ;</subfield><subfield code="c">215 x 150 (145-169 x 67-103) mm. bound to 215 x 153 mm.</subfield></datafield><datafield tag="500" ind1=" " ind2=" "><subfield code="a">Shelfmark: Ann Arbor, University of Michigan, Special Collections Library, Isl. Ms. 155</subfield></datafield><datafield tag="500" ind1=" " ind2=" "><subfield code="a">Origin: As appears in colophon on p.25, Muʻaddil al-ṣalāh copied by ʻAbd Allāh ibn Aḥmad ibn Muḥammad ibn ʻAlī with transcription finished in 1103 [1691 or 2]. As appears in colophon on p.77, al-Muqaddimah fī al-ṣalāh also copied by ʻAbd Allāh ibn Yār Aḥmad with transcription finished in 1103 [1691 or 2]. As appears in colophon on p.112, transcription of Sharḥ al-Fiqh al-akbar completed in 1107 [1695 or 6]. Final work ends abruptly and lacks dated colophon ; paper suggests late 17th or 18th century.</subfield></datafield><datafield tag="500" ind1=" " ind2=" "><subfield code="a">Former shelfmark: British Museum, London "No. 160. Tracts on law &amp; religion."</subfield></datafield><datafield tag="500" ind1=" " ind2=" "><subfield code="a">Binding: Pasteboards (very thin) covered in block-stamped paper with brown leather over spine and edges/turn-ins ; Type III binding (without flap) ; board linings in laid paper ; sewn in dark blue thread, two stations ; worked endbands in pink and yellow, poor condition ; overall in poor condition with significant abrasion, staining, some lifting and losses of paper and leather, delamination of boards, moisture damage, etc. ; housed in envelope.</subfield></datafield><datafield tag="500" ind1=" " ind2=" "><subfield code="a">Support: European laid paper of around three types ; first two works supplied on a European laid paper with 11 laid lines per cm. (vertical), chain lines spaced 22-23 mm. apart (horizontal), watermark in crown above bar carrying initials with grapes / raisin resembling studded diamond shape below, thin and transluscent though sturdy, and well-burnished ; Sharḥ al-Fiqh al-akbar supplied on a European laid paper with 10 laid lines per cm. (vertical), chain lines spaced 26 mm. apart (horizontal), coat of arms watermark with two lions flanking cross in shield above two circles, well-burnished, and thin but sturdy ; final work, al-Talwīḥ supplied on two types of European laid paper with 8-9 laid lines per cm. (vertical), chain lines spaced 28-30 mm. apart (horizontal), sturdy and well-burnished, one type with three hats watermark (top hat), other type with three hats watermark (hat with brim and feather).</subfield></datafield><datafield tag="500" ind1=" " ind2=" "><subfield code="a">Decoration: Keywords, abbreviation symbols and some vocalization rubricated ; occasional overlining in red.</subfield></datafield><datafield tag="500" ind1=" " ind2=" "><subfield code="a">Script: Naskh ; several Turkish hands, some showing greater influence of nastaʻlīq ; first two works supplied in a clear Turkish hand, virtually serifless, effect of tilt to the left, mainly closed counters, final yāʼ and alif maqṣūrah often mardūdah, pointing in distinct dots ; third work supplied in a rounded hand, virtually serifless, freely ligatured, with pointing in curved lines and inverted caret and 'bowl' of final nūn forming a complete circle around its dot ; final work supplied in still a different hand, mainly serifless (though with occasional head serifs on lām and alif), mainly closed counters, effect of tilt to the left, slight effect of words descending to baseline ; several other hands suppliying glosses and excerpts.</subfield></datafield><datafield tag="500" ind1=" " ind2=" "><subfield code="a">Layout: Written in 19, 21 and 23 lines per page ; frame-ruled.</subfield></datafield><datafield tag="500" ind1=" " ind2=" "><subfield code="a">Collation: i, 4 IV(32), IV+1 (41), IV (49), III+1 (56), 4 V(96), II (100) ; mainly quaternions and quinions ; catchwords present in al-Talwīḥ, elsewhere proper catchwords lacking but last word of final line on the verso of each leaf is usually repeated at the beginning of the first line on the following recto ; pagination in pencil, Western numerals, supplied during digitization (includes front flyleaf).</subfield></datafield><datafield tag="500" ind1=" " ind2=" "><subfield code="a">Title supplied by cataloguer.</subfield></datafield><datafield tag="500" ind1=" " ind2=" "><subfield code="a">Ms. composite codex.</subfield></datafield><datafield tag="505" ind1="0" ind2=" "><subfield code="a">8. p.116-p.200 : al-Talwīḥ ʻalá al-Tawḍīḥ [incomplete] / Saʻd al-Dīn Masʻūd ibn ʻUmar al-Taftāzānī.</subfield></datafield><datafield tag="505" ind1="0" ind2=" "><subfield code="a">7. p.113-p.115 : [blank].</subfield></datafield><datafield tag="505" ind1="0" ind2=" "><subfield code="a">6. p.86-p.112 : Sharḥ al-Fiqh al-akbar / Abū al-Muntahá Aḥmad ibn Muḥammad al-Maghnīsāwī.</subfield></datafield><datafield tag="505" ind1="0" ind2=" "><subfield code="a">5. p.78-p.85 : [assorted excerpts, partly blank].</subfield></datafield><datafield tag="505" ind1="0" ind2=" "><subfield code="a">4. p.26-p.77 : [al-Muqaddimah fī al-ṣalāh] / Abū al-Layth al-Samarqandī.</subfield></datafield><datafield tag="505" ind1="0" ind2=" "><subfield code="a">3. p.4-p.25 : Muʻaddil al-ṣalāh / Birgivî Mehmet Efendi.</subfield></datafield><datafield tag="505" ind1="0" ind2=" "><subfield code="a">2. p.3 : [assorted excerpts and waqf statement].</subfield></datafield><datafield tag="505" ind1="0" ind2=" "><subfield code="a">1. p.1-p.2 : [blank].</subfield></datafield><datafield tag="510" ind1="4" ind2=" "><subfield code="a">Brockelmann, C. GAL,</subfield><subfield code="c">II 214-216, no. 15.</subfield></datafield><datafield tag="510" ind1="4" ind2=" "><subfield code="a">Brockelmann, C. GAL,</subfield><subfield code="c">S I 285</subfield></datafield><datafield tag="510" ind1="4" ind2=" "><subfield code="a">Brockelmann, C. GAL,</subfield><subfield code="c">I 196</subfield></datafield><datafield tag="510" ind1="4" ind2=" "><subfield code="a">Brockelmann, C. GAL,</subfield><subfield code="c">II 440 (no. 9)</subfield></datafield><datafield tag="520" ind1="8" ind2=" "><subfield code="a">Careful copy of a collection (majmūʻah / mecmua) of works on prayer and Ḥanafī fiqh.</subfield></datafield><datafield tag="538" ind1=" " ind2=" "><subfield code="a">Mode of access: Internet.</subfield></datafield><datafield tag="541" ind1=" " ind2=" "><subfield code="c">Purchase ;</subfield><subfield code="a">Acquired by purchase (funds donated by Horace Rackham).</subfield><subfield code="d">1924.</subfield></datafield><datafield tag="546" ind1=" " ind2=" "><subfield code="a">Arabic.</subfield></datafield><datafield tag="561" ind1=" " ind2=" "><subfield code="a">Bookplate of British Museum, London on interior of upper cover, "British Museum, London. No. 160. Tracts on law &amp; religion." ; circular seal impression with figure of goat/gazelle in purple ink as well as inscription "192" in Western numerals on front flyleaf (p.1) ; book loan statement on front flyleaf (p.1) ; on paper (blue-tinted) pasted on 'title page' of opening work (p.3), a detailed waqf statement in the name of al-Sayyid ʻAbd Allāh Adīb (Abdullah Edip), known as Jannatʹzādah (Cennet-zade), qāḍī of Erzurum, accompanied by his seal, reads: "وقفت وقفا صحيحا شرعيا على ان لا يخرج من بيت الكتب الملتصق بداري الا لعلماء سكنوا بارضروم بكفيل مرعى اورهن قوي وانا الفقير اليه عز شانه السيد عبد الله اديب الشهير بجنت زاده القاضي بمدينة ارضروم في سنة اثنى وستين ومائتين والف" ; numerous glosses ; occasional marginal corrections.</subfield></datafield><datafield tag="600" ind1="1" ind2="0"><subfield code="a">Maḥbūbī, ʻUbayd Allāh ibn Masʻūd,</subfield><subfield code="d">-1346 or 1347.</subfield><subfield code="t">Tanqīḥ al-uṣūl.</subfield></datafield><datafield tag="600" ind1="1" ind2="0"><subfield code="a">Maḥbūbī, ʻUbayd Allāh ibn Masʻūd,</subfield><subfield code="d">-1346 or 1347.</subfield><subfield code="t">Tawḍīḥ fī ḥall ghawāmid al-Tanqīḥ.</subfield></datafield><datafield tag="600" ind1="0" ind2="0"><subfield code="a">Abū Ḥanīfah,</subfield><subfield code="d">-767 or 768.</subfield><subfield code="t">Fiqh al-akbar.</subfield></datafield><datafield tag="650" ind1=" " ind2="0"><subfield code="a">Manuscripts, Arabic</subfield><subfield code="z">Michigan</subfield><subfield code="z">Ann Arbor.</subfield></datafield><datafield tag="650" ind1=" " ind2="0"><subfield code="a">Islamic law</subfield><subfield code="x">Interpretation and construction</subfield><subfield code="v">Early works to 1800.</subfield></datafield><datafield tag="650" ind1=" " ind2="0"><subfield code="a">Hanafites</subfield><subfield code="v">Early works to 1800.</subfield></datafield><datafield tag="650" ind1=" " ind2="0"><subfield code="a">Islam</subfield><subfield code="x">Doctrines</subfield><subfield code="v">Early works to 1800.</subfield></datafield><datafield tag="650" ind1=" " ind2="0"><subfield code="a">Islam</subfield><subfield code="x">Customs and practices</subfield><subfield code="v">Early works to 1800.</subfield></datafield><datafield tag="650" ind1=" " ind2="0"><subfield code="a">Prayer</subfield><subfield code="x">Islam</subfield><subfield code="v">Early works to 1800.</subfield></datafield><datafield tag="700" ind1="0" ind2=" "><subfield code="6">880-09</subfield><subfield code="a">ʻAbd Allāh ibn Aḥmad ibn Muḥammad ibn ʻAlī,</subfield><subfield code="d">fl. 1691,</subfield><subfield code="e">scribe.</subfield></datafield><datafield tag="700" ind1="1" ind2="2"><subfield code="6">880-07</subfield><subfield code="a">Taftāzānī, Masʻūd ibn ʻUmar,</subfield><subfield code="d">1322-1389?</subfield><subfield code="t">Talwīḥ ilá kashf ḥaqāʼiq al-Tanqīḥ.</subfield><subfield code="k">Selections.</subfield></datafield><datafield tag="700" ind1="1" ind2="2"><subfield code="6">880-06</subfield><subfield code="a">Maghnīsāwī, Aḥmad ibn Muḥammad,</subfield><subfield code="d">-1591 or 1592.</subfield><subfield code="t">Sharḥ al-Fiqh al-akbar.</subfield></datafield><datafield tag="700" ind1="1" ind2="2"><subfield code="6">880-05</subfield><subfield code="a">Abū al-Layth al-Samarqandī, Naṣr ibn Muḥammad,</subfield><subfield code="d">-983?</subfield><subfield code="t">Muqaddimah fī al-ṣalāh.</subfield></datafield><datafield tag="700" ind1="0" ind2="2"><subfield code="6">880-04</subfield><subfield code="a">Birgivî Mehmet Efendi,</subfield><subfield code="d">approximately 1522-1573.</subfield><subfield code="t">Muʻaddil al-ṣalāh.</subfield></datafield><datafield tag="740" ind1="0" ind2="2"><subfield code="6">880-08</subfield><subfield code="a">Talwīḥ ʻalá al-Tawḍīḥ</subfield></datafield><datafield tag="773" ind1="0" ind2=" "><subfield code="a">Tiflis Collection.</subfield></datafield><datafield tag="880" ind1="0" ind2="2"><subfield code="6">740-08/</subfield><subfield code="a">تلويح على التوضيح</subfield></datafield><datafield tag="880" ind1="0" ind2=" "><subfield code="6">700-09/</subfield><subfield code="a">عبد الله بن احمد بن محمد بن علي.</subfield><subfield code="e">ناسخ.</subfield></datafield><datafield tag="880" ind1="1" ind2="2"><subfield code="6">700-07/</subfield><subfield code="a">تفتازاني، مسعود بن عمر.</subfield><subfield code="t">تلويح الى كشف حقائق التنقيح.</subfield><subfield code="k">مختارات.</subfield></datafield><datafield tag="880" ind1="1" ind2="2"><subfield code="6">700-06/</subfield><subfield code="a">مغنيساوي، احمد بن محمد.</subfield><subfield code="t">شرح الفقه الاكبر.</subfield></datafield><datafield tag="880" ind1="1" ind2="2"><subfield code="6">700-05/</subfield><subfield code="a">ابو الليث السمرقندي، نصر بن محمد.</subfield><subfield code="t">مقدمة في الصلاة.</subfield></datafield><datafield tag="880" ind1="0" ind2="2"><subfield code="6">700-04/</subfield><subfield code="a">بركوى محمد افندى.</subfield><subfield code="t">معدل الصلاة.</subfield></datafield><datafield tag="880" ind1="0" ind2="0"><subfield code="6">245-01/</subfield><subfield code="a">[مجموعة رسائل,</subfield><subfield code="f">1103ه الى 1107ه، 1691م الى 1696م].</subfield></datafield><datafield tag="CID" ind1=" " ind2=" "><subfield code="a">006776008</subfield></datafield><datafield tag="DAT" ind1="0" ind2=" "><subfield code="a">20190719102635.0</subfield><subfield code="b">20190719000000.0</subfield></datafield><datafield tag="DAT" ind1="1" ind2=" "><subfield code="a">20190719090653.0</subfield><subfield code="b">2019-07-19T16:11:24Z</subfield></datafield><datafield tag="DAT" ind1="2" ind2=" "><subfield code="a">2015-10-02T18:00:03Z</subfield></datafield><datafield tag="CAT" ind1=" " ind2=" "><subfield code="a">SDR-MIU</subfield><subfield code="d">EX LIBRIS - ALEPH</subfield><subfield code="l">prepare.pl-004-008</subfield></datafield><datafield tag="FMT" ind1=" " ind2=" "><subfield code="a">BK</subfield></datafield><datafield tag="HOL" ind1=" " ind2=" "><subfield code="0">sdr-miu006776008</subfield><subfield code="a">MiU</subfield><subfield code="b">SDR</subfield><subfield code="c">MIU</subfield><subfield code="p">mdp.39015079125863</subfield><subfield code="s">MIU</subfield><subfield code="1">006776008</subfield></datafield><datafield tag="974" ind1=" " ind2=" "><subfield code="b">MIU</subfield><subfield code="c">MIU</subfield><subfield code="d">20190719</subfield><subfield code="s">lit-dlps-dc</subfield><subfield code="u">mdp.39015079125863</subfield><subfield code="y">1696</subfield><subfield code="r">pd</subfield><subfield code="q">bib</subfield><subfield code="t">non-US bib date2, date type m &lt; 1879</subfield></datafield></record></collection>